[gd_scene load_steps=12 format=3 uid="uid://2wu5i3ri3anr"]

[ext_resource type="Script" path="res://entities/enemy/boss_2.gd" id="1_klga8"]
[ext_resource type="Texture2D" uid="uid://c81s12u64bqb0" path="res://assets/boss/boss_sheet.svg" id="2_exofp"]
[ext_resource type="Texture2D" uid="uid://cte1t7taq27u3" path="res://assets/boss/eye.svg" id="3_hm34q"]

[sub_resource type="AtlasTexture" id="AtlasTexture_7k6xs"]
atlas = ExtResource("2_exofp")
region = Rect2(0, 128, 128, 128)

[sub_resource type="AtlasTexture" id="AtlasTexture_gjd7y"]
atlas = ExtResource("2_exofp")
region = Rect2(128, 128, 128, 128)

[sub_resource type="AtlasTexture" id="AtlasTexture_cf86h"]
atlas = ExtResource("2_exofp")
region = Rect2(256, 128, 128, 128)

[sub_resource type="AtlasTexture" id="AtlasTexture_7amfk"]
atlas = ExtResource("2_exofp")
region = Rect2(384, 128, 128, 128)

[sub_resource type="AtlasTexture" id="AtlasTexture_1xno1"]
atlas = ExtResource("2_exofp")
region = Rect2(512, 128, 128, 128)

[sub_resource type="AtlasTexture" id="AtlasTexture_i8432"]
atlas = ExtResource("2_exofp")
region = Rect2(640, 128, 128, 128)

[sub_resource type="SpriteFrames" id="SpriteFrames_ra674"]
animations = [{
"frames": [{
"duration": 1.0,
"texture": SubResource("AtlasTexture_7k6xs")
}, {
"duration": 1.0,
"texture": SubResource("AtlasTexture_gjd7y")
}, {
"duration": 1.0,
"texture": SubResource("AtlasTexture_cf86h")
}, {
"duration": 1.0,
"texture": SubResource("AtlasTexture_7amfk")
}, {
"duration": 1.0,
"texture": SubResource("AtlasTexture_1xno1")
}, {
"duration": 1.0,
"texture": SubResource("AtlasTexture_i8432")
}],
"loop": true,
"name": &"default",
"speed": 5.0
}]

[sub_resource type="CircleShape2D" id="CircleShape2D_isodk"]
radius = 43.0

[node name="Boss2" type="CharacterBody2D" groups=["boss"]]
script = ExtResource("1_klga8")

[node name="AnimatedSprite" type="AnimatedSprite2D" parent="."]
sprite_frames = SubResource("SpriteFrames_ra674")

[node name="Sprite2D" type="Sprite2D" parent="."]
modulate = Color(0.9, 0.2, 1.1, 1)
position = Vector2(22, 23)
scale = Vector2(0.31, 0.31)
texture = ExtResource("3_hm34q")

[node name="Sprite2D2" type="Sprite2D" parent="."]
modulate = Color(0.9, 0.2, 1.1, 1)
position = Vector2(30, 1)
scale = Vector2(0.31, 0.31)
texture = ExtResource("3_hm34q")

[node name="Sprite2D3" type="Sprite2D" parent="."]
modulate = Color(0.9, 0.2, 1.1, 1)
position = Vector2(-1.90735e-06, -12)
scale = Vector2(0.31, 0.31)
texture = ExtResource("3_hm34q")

[node name="Sprite2D4" type="Sprite2D" parent="."]
modulate = Color(0.9, 0.2, 1.1, 1)
position = Vector2(-23, -21)
scale = Vector2(0.31, 0.31)
texture = ExtResource("3_hm34q")

[node name="Sprite2D5" type="Sprite2D" parent="."]
modulate = Color(0.9, 0.2, 1.1, 1)
position = Vector2(21, -21)
scale = Vector2(0.31, 0.31)
texture = ExtResource("3_hm34q")

[node name="Sprite2D6" type="Sprite2D" parent="."]
modulate = Color(0.9, 0.2, 1.1, 1)
position = Vector2(0, 13)
scale = Vector2(0.295, 0.295)
texture = ExtResource("3_hm34q")

[node name="Sprite2D7" type="Sprite2D" parent="."]
modulate = Color(0.9, 0.2, 1.1, 1)
position = Vector2(-22, 23)
scale = Vector2(0.27935, 0.27935)
texture = ExtResource("3_hm34q")

[node name="CollisionShape2D" type="CollisionShape2D" parent="."]
shape = SubResource("CircleShape2D_isodk")

[node name="WaveShotTimer" type="Timer" parent="."]

[node name="MovementStateTimer" type="Timer" parent="."]
wait_time = 5.0

[connection signal="timeout" from="WaveShotTimer" to="." method="_on_wave_shot_timer_timeout"]
[connection signal="timeout" from="MovementStateTimer" to="." method="_on_movement_state_timer_timeout"]
