[gd_scene load_steps=7 format=3 uid="uid://c24epj2lnuc1i"]

[ext_resource type="Script" path="res://projectiles/beam.gd" id="1_ckat7"]
[ext_resource type="Texture2D" uid="uid://c1swhjq6skc6e" path="res://assets/sfx/particles/circle_05.png" id="2_ybb1c"]

[sub_resource type="Curve" id="Curve_1t8s6"]
_data = [Vector2(0, 1), 0.0, 0.0, 0, 0, Vector2(1, 0.142857), 0.0, 0.0, 0, 0]
point_count = 2

[sub_resource type="CurveTexture" id="CurveTexture_j8yx5"]
curve = SubResource("Curve_1t8s6")

[sub_resource type="ParticleProcessMaterial" id="ParticleProcessMaterial_nyulk"]
particle_flag_disable_z = true
angle_max = 469.2
spread = 113.764
initial_velocity_min = 30.0
initial_velocity_max = 30.0
gravity = Vector3(0, 0, 0)
scale_min = 0.1
scale_max = 0.2
scale_curve = SubResource("CurveTexture_j8yx5")

[sub_resource type="ParticleProcessMaterial" id="ParticleProcessMaterial_y5in1"]
particle_flag_disable_z = true
emission_shape = 3
emission_box_extents = Vector3(1, 1, 1)
gravity = Vector3(0, 0, 0)
scale_min = 0.05
scale_max = 0.1

[node name="Beam" type="Node2D"]
script = ExtResource("1_ckat7")

[node name="RayCast2D" type="RayCast2D" parent="."]
target_position = Vector2(221, 194)

[node name="Line2D" type="Line2D" parent="RayCast2D"]
points = PackedVector2Array(0, 0, 200, 200)
width = 0.0
default_color = Color(1, 0.907166, 0.882404, 1)

[node name="OriginParticles" type="GPUParticles2D" parent="."]
modulate = Color(1.1, 0.4, 0, 1)
amount = 6
process_material = SubResource("ParticleProcessMaterial_nyulk")
texture = ExtResource("2_ybb1c")

[node name="Duration" type="Timer" parent="."]
wait_time = 2.0
one_shot = true

[node name="BeamParticles" type="GPUParticles2D" parent="."]
modulate = Color(1.1, 0.4, 0, 1)
amount = 20
process_material = SubResource("ParticleProcessMaterial_y5in1")
texture = ExtResource("2_ybb1c")

[node name="DamageCooldown" type="Timer" parent="."]
wait_time = 0.5
autostart = true

[node name="WindUp" type="Timer" parent="."]
one_shot = true

[connection signal="timeout" from="Duration" to="." method="_on_duration_timeout"]
[connection signal="timeout" from="DamageCooldown" to="." method="_on_damage_cooldown_timeout"]
[connection signal="timeout" from="WindUp" to="." method="_on_wind_up_timeout"]
